<?xml version="1.0" encoding="UTF-8"?>
<record xmlns="http://www.loc.gov/MARC21/slim" xmlns:xsi="http://www.w3.org/2001/XMLSchema-instance" xsi:schemaLocation="http://www.loc.gov/MARC21/slim http://www.loc.gov/standards/marcxml/schema/MARC21slim.xsd">
<leader>00000cam a22      a 4500</leader>
<controlfield tag="001">001678642</controlfield>
<controlfield tag="003">NNU</controlfield>
<controlfield tag="005">20160114163329.0</controlfield>
<controlfield tag="008">980526s1939    ua       b    001 0 ara d</controlfield>
<datafield tag="035" ind1=" " ind2=" ">
<subfield code="a">(OCoLC)222241674</subfield>
</datafield>
<datafield tag="040" ind1=" " ind2=" ">
<subfield code="a">AU@</subfield>
<subfield code="b">eng</subfield>
<subfield code="c">AU@</subfield>
<subfield code="d">OCLCQ</subfield>
<subfield code="d">OCLCF</subfield>
<subfield code="d">OCLCO</subfield>
<subfield code="d">N15</subfield>
<subfield code="d">OCLCQ</subfield>
<subfield code="d">NNU</subfield>
</datafield>
<datafield tag="041" ind1="0" ind2=" ">
<subfield code="a">ara</subfield>
<subfield code="a">fre</subfield>
</datafield>
<datafield tag="043" ind1=" " ind2=" ">
<subfield code="a">a-ye---</subfield>
</datafield>
<datafield tag="050" ind1=" " ind2="4">
<subfield code="a">DS247.Y47</subfield>
<subfield code="b">A75 1939</subfield>
</datafield>
<datafield tag="082" ind1="0" ind2="4">
<subfield code="a">953.3</subfield>
<subfield code="2">21</subfield>
</datafield>
<datafield tag="100" ind1="1" ind2=" ">
<subfield code="6">880-01</subfield>
<subfield code="a">ʻArshī, Ḥusayn ibn Aḥmad.</subfield>
</datafield>
<datafield tag="240" ind1="1" ind2="0">
<subfield code="6">880-02</subfield>
<subfield code="a">Bulūgh al-marām fī sharḥ misk al-khitām</subfield>
</datafield>
<datafield tag="245" ind1="1" ind2="0">
<subfield code="6">880-03</subfield>
<subfield code="a">Kitāb bulūgh al-marām, fī sharḥ misk al-khitām :</subfield>
<subfield code="b">fī man tawallá mulk al-Yaman min malik wa Imām /</subfield>
<subfield code="c">taʼlīf Ḥusayn ibn Aḥmad al-ʻArshī, wa qad khatama ḥawādithahu fī sanat 1318 H.-1900 M. ; ʻuniya bi-nashrihi Anastās Mārī al-Kirmilī.</subfield>
</datafield>
<datafield tag="246" ind1="1" ind2="5">
<subfield code="a">But atteint, en étudiant le commentaire de la poésie historique des rois et imams l'Yémen</subfield>
</datafield>
<datafield tag="260" ind1=" " ind2=" ">
<subfield code="6">880-04</subfield>
<subfield code="a">al-Qāhirah :</subfield>
<subfield code="b">Maṭbaʻat al-Birtīrī,</subfield>
<subfield code="c">1939.</subfield>
</datafield>
<datafield tag="300" ind1=" " ind2=" ">
<subfield code="a">4, 442 pages ;</subfield>
<subfield code="c">24 cm</subfield>
</datafield>
<datafield tag="336" ind1=" " ind2=" ">
<subfield code="a">text</subfield>
<subfield code="b">txt</subfield>
<subfield code="2">rdacontent</subfield>
</datafield>
<datafield tag="337" ind1=" " ind2=" ">
<subfield code="a">unmediated</subfield>
<subfield code="b">n</subfield>
<subfield code="2">rdamedia</subfield>
</datafield>
<datafield tag="338" ind1=" " ind2=" ">
<subfield code="a">volume</subfield>
<subfield code="b">nc</subfield>
<subfield code="2">rdacarrier</subfield>
</datafield>
<datafield tag="500" ind1=" " ind2=" ">
<subfield code="a">Added t.p. and preface in French.</subfield>
</datafield>
<datafield tag="504" ind1=" " ind2=" ">
<subfield code="a">Includes bibliographical references and index.</subfield>
</datafield>
<datafield tag="505" ind1="0" ind2=" ">
<subfield code="6">880-05</subfield>
<subfield code="a">Fā-awṣal ḥawādithahu ilā akhir shahr Rabīʻ al-awwal sanat 1358 lil-Hijrah al-muwāfiq li-muntaṣaf Ayyār (Māyū) sanat 1939 lil-Mīlād.</subfield>
</datafield>
<datafield tag="651" ind1=" " ind2="0">
<subfield code="a">Yemen (Republic)</subfield>
<subfield code="x">History.</subfield>
</datafield>
<datafield tag="651" ind1=" " ind2="7">
<subfield code="a">Yemen (Republic)</subfield>
<subfield code="2">fast</subfield>
<subfield code="0">(OCoLC)fst01309629</subfield>
</datafield>
<datafield tag="655" ind1=" " ind2="7">
<subfield code="a">History.</subfield>
<subfield code="2">fast</subfield>
<subfield code="0">(OCoLC)fst01411628</subfield>
</datafield>
<datafield tag="700" ind1="0" ind2=" ">
<subfield code="6">880-06</subfield>
<subfield code="a">Anistās Mārī,</subfield>
<subfield code="c">al-Karmilī, ab,</subfield>
<subfield code="d">1866-1947.</subfield>
</datafield>
<datafield tag="880" ind1="1" ind2=" ">
<subfield code="6">100-01/</subfield>
<subfield code="a">عرشي، حسين بن احمد.</subfield>
</datafield>
<datafield tag="880" ind1="1" ind2="0">
<subfield code="6">240-02/</subfield>
<subfield code="a">بلوغ المرام في شرح مسك الختام</subfield>
</datafield>
<datafield tag="880" ind1="1" ind2="0">
<subfield code="6">245-03/</subfield>
<subfield code="a">كتاب بلوغ المرام، في شرح مسك الختام :</subfield>
<subfield code="b">في من تولى ملك اليمن من ملك و امام /</subfield>
<subfield code="c">تأليف حسين بن احمد العرشي، و قد ختم حوادثه في سنة 1318 ه.1900 م. ؛ عني بنشره انستاس ماري الكرملي.</subfield>
</datafield>
<datafield tag="880" ind1=" " ind2=" ">
<subfield code="6">260-04/</subfield>
<subfield code="a">القاهرة :</subfield>
<subfield code="b">مطبعة البرتيري،</subfield>
<subfield code="c">1939.</subfield>
</datafield>
<datafield tag="880" ind1="0" ind2=" ">
<subfield code="6">505-05/</subfield>
<subfield code="a">فاوصل حوادثه الى اخر شهر ربيع الاول سنة 1358 للهجرة الموافق لمنتصف ايار (مايو) سنة 1939 للميلاد.</subfield>
</datafield>
<datafield tag="880" ind1="0" ind2=" ">
<subfield code="6">700-06/</subfield>
<subfield code="a">انستاس ماري،</subfield>
<subfield code="c">الكرملي، اب،</subfield>
<subfield code="d">18661947.</subfield>
</datafield>
<datafield tag="OWN" ind1=" " ind2=" ">
<subfield code="a">GENERAL</subfield>
</datafield>
<datafield tag="AVA" ind1=" " ind2=" ">
<subfield code="a">NYU50</subfield>
<subfield code="b">BOBST</subfield>
<subfield code="c">Main Collection</subfield>
<subfield code="d">DS247.Y47 A7</subfield>
<subfield code="e">unavailable</subfield>
<subfield code="t">Unavailable</subfield>
<subfield code="f">1</subfield>
<subfield code="g">1</subfield>
<subfield code="h">N</subfield>
<subfield code="i">0</subfield>
<subfield code="j">MAIN</subfield>
<subfield code="k">0</subfield>
</datafield>
</record>
